jay@tux.6392:1486429405