BibTeX file: Rpackages-3.0.1.bib written 2013-08-13 by Rpackages.bib()

@Manual{abind,
  title = {abind: Combine multi-dimensional arrays},
  author = {Tony Plate and Richard Heiberger},
  year = {2011},
  note = {R package version 1.4-0},
  url = {http://CRAN.R-project.org/package=abind},
}

@Article{actuar,
  title = {actuar: An R Package for Actuarial Science},
  author = {Christophe Dutang and Vincent Goulet and Mathieu Pigeon},
  journal = {Journal of Statistical Software},
  year = {2008},
  volume = {25},
  number = {7},
  pages = {38},
  url = {http://www.jstatsoft.org/v25/i07},
}

@Manual{aplpack,
  title = {aplpack: Another Plot PACKage: stem.leaf, bagplot, faces, spin3R, and
some slider functions},
  author = {Peter Wolf and Uni Bielefeld},
  year = {2012},
  note = {R package version 1.2.7},
  url = {http://CRAN.R-project.org/package=aplpack},
}

@Manual{bdsmatrix,
  title = {bdsmatrix: Routines for Block Diagonal Symmetric matrices},
  author = {Terry Therneau},
  year = {2013},
  note = {R package version 1.3-1},
  url = {http://CRAN.R-project.org/package=bdsmatrix},
}

@Book{car,
  title = {An {R} Companion to Applied Regression},
  edition = {Second},
  author = {John Fox and Sanford Weisberg},
  year = {2011},
  publisher = {Sage},
  address = {Thousand Oaks {CA}},
  url = {http://socserv.socsci.mcmaster.ca/jfox/Books/Companion},
}

@Book{class,
  title = {Modern Applied Statistics with S},
  author = {W. N. Venables and B. D. Ripley},
  publisher = {Springer},
  edition = {Fourth},
  address = {New York},
  year = {2002},
  note = {ISBN 0-387-95457-0},
  url = {http://www.stats.ox.ac.uk/pub/MASS4},
}

@Article{coin:1,
  title = {A Lego System for Conditional Inference},
  author = {Torsten Hothorn and Kurt Hornik and Mark A. van de Wiel and Achim Zeileis},
  journal = {The American Statistician},
  year = {2006},
  volume = {60},
  number = {3},
  pages = {257--263},
}

@Article{coin:2,
  title = {Implementing a Class of Permutation Tests: The {coin} Package},
  author = {Torsten Hothorn and Kurt Hornik and Mark A. van de Wiel and Achim Zeileis},
  journal = {Journal of Statistical Software},
  year = {2008},
  volume = {28},
  number = {8},
  pages = {1--23},
  url = {http://www.jstatsoft.org/v28/i08/},
}

@Manual{colorspace:1,
  title = {{colorspace}: Color Space Manipulation},
  author = {Ross Ihaka and Paul Murrell and Kurt Hornik and Jason C. Fisher and Achim Zeileis},
  year = {2013},
  note = {R package version 1.2-2},
  url = {http://CRAN.R-project.org/package=colorspace},
}

@Article{colorspace:2,
  title = {Escaping {RGB}land: Selecting Colors for Statistical Graphics},
  author = {Achim Zeileis and Kurt Hornik and Paul Murrell},
  journal = {Computational Statistics \& Data Analysis},
  year = {2009},
  volume = {53},
  pages = {3259--3270},
  doi = {10.1016/j.csda.2008.11.033},
}

@Manual{combinat,
  title = {combinat: combinatorics utilities},
  author = {Scott Chasalow},
  year = {2012},
  note = {R package version 0.0-8},
  url = {http://CRAN.R-project.org/package=combinat},
}

@Manual{DAAG,
  title = {DAAG: Data Analysis And Graphics data and functions},
  author = {John Maindonald and W. John Braun},
  year = {2013},
  note = {R package version 1.16},
  url = {http://CRAN.R-project.org/package=DAAG},
}

@Manual{data.table,
  title = {data.table: Extension of data.frame for fast indexing, fast ordered joins,
fast assignment, fast grouping and list columns.},
  author = {M Dowle and T Short and S Lianoglou},
  year = {2013},
  note = {R package version 1.8.8},
  url = {http://CRAN.R-project.org/package=data.table},
}

@Manual{diagram,
  title = {diagram: Functions for visualising simple graphs (networks), plotting
flow diagrams},
  author = {Karline Soetaert},
  year = {2013},
  note = {R package version 1.6.1},
  url = {http://CRAN.R-project.org/package=diagram},
}

@Manual{dichromat,
  title = {dichromat: Color Schemes for Dichromats},
  author = {Thomas Lumley},
  year = {2013},
  note = {R package version 2.0-0},
  url = {http://CRAN.R-project.org/package=dichromat},
}

@Manual{digest,
  title = {digest: Create cryptographic hash digests of R objects},
  author = {Dirk Eddelbuettel with contributions by Antoine Lucas and Jarek Tuszynski and Henrik Bengtsson and Simon Urbanek and Mario Frasca and Bryan Lewis and Murray Stokely and Hannes Muehleisen and Duncan Murdoch.},
  year = {2013},
  note = {R package version 0.6.3},
  url = {http://CRAN.R-project.org/package=digest},
}

@Article{distr,
  title = {S4 Classes for Distributions},
  author = {P. Ruckdeschel and M. Kohl and T. Stabla and F. Camphausen},
  language = {English},
  year = {2006},
  journal = {R News},
  year = {2006},
  volume = {6},
  number = {2},
  pages = {2--6},
  month = {May},
  url = {http://www.uni-bayreuth.de/departments/math/org/mathe7/DISTR/distr.pdf},
  pdf = {http://CRAN.R-project.org/doc/Rnews/Rnews_2006-2.pdf},
}

@Article{distrEx,
  title = {S4 Classes for Distributions},
  author = {P. Ruckdeschel and M. Kohl and T. Stabla and F. Camphausen},
  language = {English},
  year = {2006},
  journal = {R News},
  year = {2006},
  volume = {6},
  number = {2},
  pages = {2--6},
  month = {May},
  url = {http://www.uni-bayreuth.de/departments/math/org/mathe7/DISTR/distr.pdf},
  pdf = {http://CRAN.R-project.org/doc/Rnews/Rnews_2006-2.pdf},
}

@TechReport{distrTeach,
  author = {P. Ruckdeschel and M. Kohl and T. Stabla and F. Camphausen},
  title = {{S4 Classes for Distributions---a manual for packages distr, distrSim, distrTEst, distrEx,
                 distrMod, and distrTeach}},
  language = {English},
  institution = {{Fraunhofer ITWM}},
  month = {July},
  year = {2008},
  address = {{Kaiserslautern, Germany}},
  url = {http://r-forge.r-project.org/plugins/scmsvn/viewcvs.php/*checkout*/pkg/distrDoc/inst/doc/distr.pdf?root=distr},
}

@Manual{e1071,
  title = {e1071: Misc Functions of the Department of Statistics (e1071), TU Wien},
  author = {David Meyer and Evgenia Dimitriadou and Kurt Hornik and Andreas Weingessel and Friedrich Leisch},
  year = {2012},
  note = {R package version 1.6-1},
  url = {http://CRAN.R-project.org/package=e1071},
}

@Article{effects:1,
  title = {Effect Displays in {R} for Generalised Linear Models},
  author = {John Fox},
  journal = {Journal of Statistical Software},
  year = {2003},
  volume = {8},
  number = {15},
  pages = {1--27},
  url = {http://www.jstatsoft.org/v08/i15/},
}

@Article{effects:2,
  title = {Effect Displays in {R} for Multinomial and Proportional-Odds Logit Models: Extensions to the {effects} Package},
  author = {John Fox and Jangman Hong},
  journal = {Journal of Statistical Software},
  year = {2009},
  volume = {32},
  number = {1},
  pages = {1--24},
  url = {http://www.jstatsoft.org/v32/i01/},
}

@Manual{exactRankTests,
  title = {exactRankTests: Exact Distributions for Rank and Permutation Tests},
  author = {Torsten Hothorn and Kurt Hornik},
  year = {2013},
  note = {R package version 0.8-25},
  url = {http://CRAN.R-project.org/package=exactRankTests},
}

@Manual{forecast,
  title = {forecast: Forecasting functions for time series and linear models},
  author = {Rob J Hyndman with contributions from George Athanasopoulos and Slava Razbash and Drew Schmidt and Zhenyu Zhou and Yousaf Khan and Christoph Bergmeir},
  year = {2013},
  note = {R package version 4.06},
  url = {http://CRAN.R-project.org/package=forecast},
}

@Manual{foreign,
  title = {foreign: Read Data Stored by Minitab, S, SAS, SPSS, Stata, Systat, dBase,
...},
  author = {{R Core Team}},
  year = {2013},
  note = {R package version 0.8-54},
  url = {http://CRAN.R-project.org/package=foreign},
}

@Article{Formula,
  title = {Extended Model Formulas in {R}: Multiple Parts and Multiple Responses},
  author = {Achim Zeileis and Yves Croissant},
  journal = {Journal of Statistical Software},
  year = {2010},
  volume = {34},
  number = {1},
  pages = {1--13},
  url = {http://www.jstatsoft.org/v34/i01/},
}

@Manual{fracdiff,
  title = {fracdiff: Fractionally differenced ARIMA aka ARFIMA(p,d,q) models},
  author = {S original by Chris Fraley and {U.Washington} and Seattle. R port by Fritz Leisch at TU Wien; since 2003-12: Martin Maechler; fdGPH and {fdSperio} and etc by Valderio Reisen and Artur Lemonte.},
  year = {2012},
  note = {R package version 1.4-2},
  url = {http://CRAN.R-project.org/package=fracdiff},
}

@Book{ggplot2,
  author = {Hadley Wickham},
  title = {ggplot2: elegant graphics for data analysis},
  publisher = {Springer New York},
  year = {2009},
  isbn = {978-0-387-98140-6},
  url = {http://had.co.nz/ggplot2/book},
}

@Manual{gtable,
  title = {gtable: Arrange grobs in tables.},
  author = {Hadley Wickham},
  year = {2012},
  note = {R package version 0.1.2},
  url = {http://CRAN.R-project.org/package=gtable},
}

@Manual{HH,
  title = {HH: Statistical Analysis and Data Display: Heiberger and Holland},
  author = {Richard M. Heiberger},
  year = {2013},
  note = {R package version 2.3-37},
  url = {http://CRAN.R-project.org/package=HH},
}

@Manual{Hmisc,
  title = {Hmisc: Harrell Miscellaneous},
  author = {Frank E Harrell Jr and with contributions from Charles Dupont and many others.},
  year = {2013},
  note = {R package version 3.12-2},
  url = {http://CRAN.R-project.org/package=Hmisc},
}

@Manual{IPSUR,
  title = {IPSUR: Introduction to Probability and Statistics Using R},
  author = {G. Jay Kerns},
  year = {2012},
  note = {R package version 1.4},
  url = {http://CRAN.R-project.org/package=IPSUR},
}

@Manual{labeling,
  title = {labeling: Axis Labeling},
  author = {Justin Talbot},
  year = {2013},
  note = {R package version 0.2},
  url = {http://CRAN.R-project.org/package=labeling},
}

@Manual{latticeExtra,
  title = {latticeExtra: Extra Graphical Utilities Based on Lattice},
  author = {Deepayan Sarkar and Felix Andrews},
  year = {2012},
  note = {R package version 0.6-24},
  url = {http://CRAN.R-project.org/package=latticeExtra},
}

@Manual{leaps,
  title = {leaps: regression subset selection},
  author = {Thomas Lumley using Fortran code by Alan Miller},
  year = {2009},
  note = {R package version 2.9},
  url = {http://CRAN.R-project.org/package=leaps},
}

@Manual{LearnBayes,
  title = {LearnBayes: Functions for Learning Bayesian Inference},
  author = {Jim Albert},
  year = {2012},
  note = {R package version 2.12},
  url = {http://CRAN.R-project.org/package=LearnBayes},
}

@Article{lmtest,
  title = {Diagnostic Checking in Regression Relationships},
  author = {Achim Zeileis and Torsten Hothorn},
  journal = {R News},
  year = {2002},
  volume = {2},
  number = {3},
  pages = {7--10},
  url = {http://CRAN.R-project.org/doc/Rnews/},
}

@Manual{locfit,
  title = {locfit: Local Regression, Likelihood and Density Estimation.},
  author = {Catherine Loader},
  year = {2013},
  note = {R package version 1.5-9.1},
  url = {http://CRAN.R-project.org/package=locfit},
}

@Manual{manipulate,
  title = {manipulate: Interactive Plots for RStudio},
  author = {{RStudio}},
  year = {2011},
  note = {R package version 0.97.551},
}

@Book{MASS,
  title = {Modern Applied Statistics with S},
  author = {W. N. Venables and B. D. Ripley},
  publisher = {Springer},
  edition = {Fourth},
  address = {New York},
  year = {2002},
  note = {ISBN 0-387-95457-0},
  url = {http://www.stats.ox.ac.uk/pub/MASS4},
}

@Manual{matrixcalc,
  title = {matrixcalc: Collection of functions for matrix calculations},
  author = {Frederick Novomestky},
  year = {2012},
  note = {R package version 1.0-3},
  url = {http://CRAN.R-project.org/package=matrixcalc},
}

@Article{mgcv:1,
  title = {Fast stable restricted maximum likelihood and marginal 
likelihood estimation of semiparametric generalized linear models},
  journal = {Journal of the Royal Statistical Society (B)},
  volume = {73},
  number = {1},
  pages = {3-36},
  year = {2011},
  author = {S. N. Wood},
}

@Article{mgcv:2,
  title = {Stable and efficient multiple smoothing parameter estimation for 
         generalized additive models},
  journal = {Journal of the American Statistical Association},
  volume = {99},
  number = {467},
  pages = {673-686},
  year = {2004},
  author = {S. N. Wood},
}

@Book{mgcv:3,
  title = {Generalized Additive Models: An Introduction with R},
  year = {2006},
  author = {S.N Wood},
  publisher = {Chapman and Hall/CRC},
}

@Article{mgcv:4,
  title = {Thin-plate regression splines},
  journal = {Journal of the Royal Statistical Society (B)},
  volume = {65},
  number = {1},
  pages = {95-114},
  year = {2003},
  author = {S. N. Wood},
}

@Article{mgcv:5,
  title = {Modelling and smoothing parameter estimation with 
        multiple quadratic penalties},
  journal = {Journal of the Royal Statistical Society (B)},
  volume = {62},
  number = {2},
  pages = {413-428},
  year = {2000},
  author = {S. N. Wood},
}

@Manual{modeltools,
  title = {modeltools: Tools and Classes for Statistical Models},
  author = {Torsten Hothorn and Friedrich Leisch and Achim Zeileis},
  year = {2012},
  note = {R package version 0.2-19},
  url = {http://CRAN.R-project.org/package=modeltools},
}

@Article{multcomp,
  title = {Simultaneous Inference in General Parametric Models},
  author = {Torsten Hothorn and Frank Bretz and Peter Westfall},
  journal = {Biometrical Journal},
  year = {2008},
  volume = {50},
  number = {3},
  pages = {346--363},
}

@Manual{munsell,
  title = {munsell: Munsell colour system},
  author = {Charlotte Wickham},
  year = {2013},
  note = {R package version 0.4.2},
  url = {http://CRAN.R-project.org/package=munsell},
}

@Manual{mvtnorm:1,
  title = {{mvtnorm}: Multivariate Normal and t Distributions},
  author = {Alan Genz and Frank Bretz and Tetsuhisa Miwa and Xuefei Mi and Friedrich Leisch and Fabian Scheipl and Torsten Hothorn},
  year = {2013},
  note = {R package version 0.9-9995},
  url = {http://CRAN.R-project.org/package=mvtnorm},
}

@Book{mvtnorm:2,
  title = {Computation of Multivariate Normal and t Probabilities},
  author = {Alan Genz and Frank Bretz},
  series = {Lecture Notes in Statistics},
  year = {2009},
  publisher = {Springer-Verlag},
  address = {Heidelberg},
  isbn = {978-3-642-01688-2},
}

@Manual{nlme,
  title = {nlme: Linear and Nonlinear Mixed Effects Models},
  author = {Jose Pinheiro and Douglas Bates and Saikat DebRoy and Deepayan Sarkar and {R Core Team}},
  year = {2013},
  note = {R package version 3.1-110},
}

@Book{nnet,
  title = {Modern Applied Statistics with S},
  author = {W. N. Venables and B. D. Ripley},
  publisher = {Springer},
  edition = {Fourth},
  address = {New York},
  year = {2002},
  note = {ISBN 0-387-95457-0},
  url = {http://www.stats.ox.ac.uk/pub/MASS4},
}

@Manual{odfWeave,
  title = {odfWeave: Sweave processing of Open Document Format (ODF) files},
  author = {Max Kuhn. Contributions from Steve Weston and Nathan Coulter and Patrick Lenon and Zekai Otles},
  year = {2012},
  note = {R package version 0.8.2},
  url = {http://CRAN.R-project.org/package=odfWeave},
}

@Manual{permute,
  title = {permute: Functions for generating restricted permutations of data},
  author = {Gavin L. Simpson},
  year = {2012},
  note = {R package version 0.7-0},
  url = {http://CRAN.R-project.org/package=permute},
}

@Article{plm,
  title = {Panel Data Econometrics in {R}: The {plm} Package},
  author = {Yves Croissant and Giovanni Millo},
  journal = {Journal of Statistical Software},
  year = {2008},
  volume = {27},
  number = {2},
  url = {http://www.jstatsoft.org/v27/i02/},
}

@Article{plyr,
  title = {The Split-Apply-Combine Strategy for Data Analysis},
  author = {Hadley Wickham},
  journal = {Journal of Statistical Software},
  year = {2011},
  volume = {40},
  number = {1},
  pages = {1--29},
  url = {http://www.jstatsoft.org/v40/i01/},
}

@Manual{prob,
  title = {prob: Elementary Probability on Finite Sample Spaces},
  author = {G. Jay Kerns},
  year = {2009},
  note = {R package version 0.9-2},
  url = {http://CRAN.R-project.org/package=prob},
}

@Manual{proto,
  title = {proto: Prototype object-based programming},
  author = {Louis Kates and Thomas Petzoldt},
  year = {2012},
  note = {R package version 0.3-10},
  url = {http://CRAN.R-project.org/package=proto},
}

@Article{qcc,
  title = {qcc: an R package for quality control charting and statistical process control},
  author = {Luca Scrucca},
  journal = {R News},
  year = {2004},
  pages = {11--17},
  volume = {4/1},
  url = {http://CRAN.R-project.org/doc/Rnews/},
}

@Manual{quadprog,
  title = {quadprog: Functions to solve Quadratic Programming Problems.},
  author = {S original by Berwin A. Turlach R port by Andreas Weingessel <Andreas.Weingessel@ci.tuwien.ac.at>},
  year = {2013},
  note = {R package version 1.5-5},
  url = {http://CRAN.R-project.org/package=quadprog},
}

@Article{randomForest,
  title = {Classification and Regression by randomForest},
  author = {Andy Liaw and Matthew Wiener},
  journal = {R News},
  year = {2002},
  volume = {2},
  number = {3},
  pages = {18-22},
  url = {http://CRAN.R-project.org/doc/Rnews/},
}

@Article{Rcmdr,
  title = {The {R} {C}ommander: A Basic Statistics Graphical User Interface to {R}},
  author = {John Fox},
  year = {2005},
  journal = {Journal of Statistical Software},
  volume = {14},
  number = {9},
  pages = {1--42},
  url = {http://www.jstatsoft.org/v14/i09},
}

@Manual{RcmdrPlugin.IPSUR,
  title = {RcmdrPlugin.IPSUR: An IPSUR Plugin for the R Commander},
  author = {G. Jay Kerns with contributions by Theophilius Boye and Tyler Drombosky and adapted from the work of John Fox et al.},
  year = {2012},
  note = {R package version 0.1-8},
  url = {http://CRAN.R-project.org/package=RcmdrPlugin.IPSUR},
}

@Manual{RColorBrewer,
  title = {RColorBrewer: ColorBrewer palettes},
  author = {Erich Neuwirth},
  year = {2011},
  note = {R package version 1.0-5},
  url = {http://CRAN.R-project.org/package=RColorBrewer},
}

@Article{Rcpp:1,
  title = {{Rcpp}: Seamless {R} and {C++} Integration},
  author = {Dirk Eddelbuettel and Romain Fran\c{c}ois},
  journal = {Journal of Statistical Software},
  year = {2011},
  volume = {40},
  number = {8},
  pages = {1--18},
  url = {http://www.jstatsoft.org/v40/i08/},
}

@Book{Rcpp:2,
  title = {Seamless {R} and {C++} Integration with {Rcpp}},
  author = {Dirk Eddelbuettel},
  publisher = {Springer},
  address = {New York},
  year = {2013},
  note = {ISBN 978-1-4614-6867-7},
}

@Article{RcppArmadillo,
  title = {RcppArmadillo: Accelerating R with high-performance C++ linear algebra},
  author = {Dirk Eddelbuettel and Conrad Sanderson},
  journal = {Computational	Statistics and Data Analysis},
  year = {2013},
  volume = {in press},
  url = {http://dx.doi.org/10.1016/j.csda.2013.02.005},
}

@Manual{relimp,
  title = {relimp: Relative Contribution of Effects in a Regression Model},
  author = {David Firth with contributions from Heather Turner},
  year = {2011},
  note = {R package version 1.0-3},
  url = {http://CRAN.R-project.org/package=relimp},
}

@Article{reshape,
  author = {{Wickham} and {Hadley}},
  journal = {Journal of Statistical Software},
  number = {12},
  title = {Reshaping data with the reshape package},
  url = {http://www.jstatsoft.org/v21/i12/paper},
  volume = {21},
  year = {2007},
}

@Article{reshape2,
  title = {Reshaping Data with the {reshape} Package},
  author = {Hadley Wickham},
  journal = {Journal of Statistical Software},
  year = {2007},
  volume = {21},
  number = {12},
  pages = {1--20},
  url = {http://www.jstatsoft.org/v21/i12/},
}

@Manual{rgl,
  title = {rgl: 3D visualization device system (OpenGL)},
  author = {Daniel Adler and Duncan Murdoch},
  year = {2013},
  note = {R package version 0.93.952},
  url = {http://CRAN.R-project.org/package=rgl},
}

@Manual{RODBC,
  title = {RODBC: ODBC Database Access},
  author = {Brian Ripley and from 1999 to Oct 2002 Michael Lapsley},
  year = {2013},
  note = {R package version 1.3-7},
  url = {http://CRAN.R-project.org/package=RODBC},
}

@Manual{rstudio,
  title = {RStudio: Integrated Development Environment for R},
  author = {{RStudio Team}},
  organization = {RStudio, Inc.},
  address = {Boston, MA},
  year = {2012},
  url = {http://www.rstudio.com/},
}

@Article{sandwich:1,
  title = {Econometric Computing with HC and HAC Covariance Matrix Estimators},
  author = {Achim Zeileis},
  journal = {Journal of Statistical Software},
  year = {2004},
  volume = {11},
  number = {10},
  pages = {1--17},
  url = {http://www.jstatsoft.org/v11/i10/},
}

@Article{sandwich:2,
  title = {Object-oriented Computation of Sandwich Estimators},
  author = {Achim Zeileis},
  journal = {Journal of Statistical Software},
  year = {2006},
  volume = {16},
  number = {9},
  pages = {1--16},
  url = {http://www.jstatsoft.org/v16/i09/.},
}

@Manual{scales,
  title = {scales: Scale functions for graphics.},
  author = {Hadley Wickham},
  year = {2012},
  note = {R package version 0.2.3},
  url = {http://CRAN.R-project.org/package=scales},
}

@Article{scatterplot3d,
  title = {Scatterplot3d - an R Package for Visualizing Multivariate Data},
  author = {Uwe Ligges and Martin M{\"a}chler},
  journal = {Journal of Statistical Software},
  year = {2003},
  pages = {1--20},
  number = {11},
  volume = {8},
  url = {http://www.jstatsoft.org},
}

@Manual{sem,
  title = {sem: Structural Equation Models},
  author = {John Fox and Zhenghua Nie and Jarrett Byrnes},
  year = {2013},
  note = {R package version 3.1-3},
  url = {http://CRAN.R-project.org/package=sem},
}

@Manual{sfsmisc,
  title = {sfsmisc: Utilities from Seminar fuer Statistik ETH Zurich},
  author = {Martin Maechler et al.},
  year = {2013},
  note = {R package version 1.0-24},
  url = {http://CRAN.R-project.org/package=sfsmisc},
}

@Manual{shape,
  title = {shape: Functions for plotting graphical shapes, colors},
  author = {Karline Soetaert},
  year = {2012},
  note = {R package version 1.4.0},
  url = {http://CRAN.R-project.org/package=shape},
}

@Book{spatial,
  title = {Modern Applied Statistics with S},
  author = {W. N. Venables and B. D. Ripley},
  publisher = {Springer},
  edition = {Fourth},
  address = {New York},
  year = {2002},
  note = {ISBN 0-387-95457-0},
  url = {http://www.stats.ox.ac.uk/pub/MASS4},
}

@Manual{startupmsg,
  title = {startupmsg: Utilities for start-up messages},
  author = {Peter Ruckdeschel},
  year = {2013},
  note = {R package version 0.8},
  url = {http://CRAN.R-project.org/package=startupmsg},
}

@Manual{stringr,
  title = {stringr: Make it easier to work with strings.},
  author = {Hadley Wickham},
  year = {2012},
  note = {R package version 0.6.2},
  url = {http://CRAN.R-project.org/package=stringr},
}

@Manual{SweaveListingUtils,
  title = {SweaveListingUtils: Utilities for Sweave together with TeX listings package},
  author = {Peter Ruckdeschel},
  year = {2013},
  note = {R package version 0.6.1},
  url = {http://CRAN.R-project.org/package=SweaveListingUtils},
}

@Manual{TeachingDemos,
  title = {TeachingDemos: Demonstrations for teaching and learning},
  author = {Greg Snow},
  year = {2013},
  note = {R package version 2.9},
  url = {http://CRAN.R-project.org/package=TeachingDemos},
}

@Manual{TSA,
  title = {TSA: Time Series Analysis},
  author = {Kung-Sik Chan and Brian Ripley},
  year = {2012},
  note = {R package version 1.01},
  url = {http://CRAN.R-project.org/package=TSA},
}

@Manual{tseries,
  title = {tseries: Time Series Analysis and Computational Finance},
  author = {Adrian Trapletti and Kurt Hornik},
  year = {2013},
  note = {R package version 0.10-32.},
  url = {http://CRAN.R-project.org/package=tseries},
}

@Manual{vcd:1,
  title = {vcd: Visualizing Categorical Data},
  author = {David Meyer and Achim Zeileis and Kurt Hornik},
  year = {2012},
  note = {R package version 1.2-13},
}

@Article{vcd:2,
  title = {The Strucplot Framework: Visualizing Multi-Way Contingency Tables with vcd},
  author = {David Meyer and Achim Zeileis and Kurt Hornik},
  journal = {Journal of Statistical Software},
  year = {2006},
  volume = {17},
  number = {3},
  pages = {1--48},
  url = {http://www.jstatsoft.org/v17/i03/},
}

@Article{vcd:3,
  title = {Residual-based Shadings for Visualizing (Conditional) Independence},
  author = {Achim Zeileis and David Meyer and Kurt Hornik},
  journal = {Journal of Computational and Graphical Statistics},
  year = {2007},
  volume = {16},
  number = {3},
  pages = {507--525},
}

@Manual{vegan,
  title = {vegan: Community Ecology Package},
  author = {Jari Oksanen and F. Guillaume Blanchet and Roeland Kindt and Pierre Legendre and Peter R. Minchin and R. B. O'Hara and Gavin L. Simpson and Peter Solymos and M. Henry H. Stevens and Helene Wagner},
  year = {2013},
  note = {R package version 2.0-8},
  url = {http://CRAN.R-project.org/package=vegan},
}

@Manual{XML,
  title = {XML: Tools for parsing and generating XML within R and S-Plus.},
  author = {Duncan Temple Lang},
  year = {2013},
  note = {R package version 3.98-1.1},
  url = {http://CRAN.R-project.org/package=XML},
}

@Manual{xtable,
  title = {xtable: Export tables to LaTeX or HTML},
  author = {David B. Dahl},
  year = {2013},
  note = {R package version 1.7-1},
  url = {http://CRAN.R-project.org/package=xtable},
}

@Article{zoo,
  title = {zoo: S3 Infrastructure for Regular and Irregular Time Series},
  author = {Achim Zeileis and Gabor Grothendieck},
  journal = {Journal of Statistical Software},
  year = {2005},
  volume = {14},
  number = {6},
  pages = {1--27},
  url = {http://www.jstatsoft.org/v14/i06/},
}

@Manual{base,
  title = {R: A Language and Environment for Statistical Computing},
  author = {{R Core Team}},
  organization = {R Foundation for Statistical Computing},
  address = {Vienna, Austria},
  year = {2013},
  url = {http://www.R-project.org/},
}

@Manual{boot:1,
  title = {boot: Bootstrap R (S-Plus) Functions},
  author = {Angelo Canty and B. D. Ripley},
  year = {2013},
  note = {R package version 1.3-9},
}

@Book{boot:2,
  title = {Bootstrap Methods and Their Applications},
  author = {A. C. Davison and D. V. Hinkley},
  publisher = {Cambridge University Press},
  address = {Cambridge},
  year = {1997},
  note = {ISBN 0-521-57391-2},
  url = {http://statwww.epfl.ch/davison/BMA/},
}

@Manual{cluster,
  title = {cluster: Cluster Analysis Basics and Extensions},
  author = {Martin Maechler and Peter Rousseeuw and Anja Struyf and Mia Hubert and Kurt Hornik},
  year = {2013},
  note = {R package version 1.14.4 --- For new features, see the 'Changelog' file (in the package source)},
}

@Manual{codetools,
  title = {codetools: Code Analysis Tools for R},
  author = {Luke Tierney},
  year = {2011},
  note = {R package version 0.2-8},
  url = {http://CRAN.R-project.org/package=codetools},
}

@Manual{compiler,
  title = {R: A Language and Environment for Statistical Computing},
  author = {{R Core Team}},
  organization = {R Foundation for Statistical Computing},
  address = {Vienna, Austria},
  year = {2013},
  url = {http://www.R-project.org/},
}

@Manual{datasets,
  title = {R: A Language and Environment for Statistical Computing},
  author = {{R Core Team}},
  organization = {R Foundation for Statistical Computing},
  address = {Vienna, Austria},
  year = {2013},
  url = {http://www.R-project.org/},
}

@Manual{graphics,
  title = {R: A Language and Environment for Statistical Computing},
  author = {{R Core Team}},
  organization = {R Foundation for Statistical Computing},
  address = {Vienna, Austria},
  year = {2013},
  url = {http://www.R-project.org/},
}

@Manual{grDevices,
  title = {R: A Language and Environment for Statistical Computing},
  author = {{R Core Team}},
  organization = {R Foundation for Statistical Computing},
  address = {Vienna, Austria},
  year = {2013},
  url = {http://www.R-project.org/},
}

@Manual{grid,
  title = {R: A Language and Environment for Statistical Computing},
  author = {{R Core Team}},
  organization = {R Foundation for Statistical Computing},
  address = {Vienna, Austria},
  year = {2013},
  url = {http://www.R-project.org/},
}

@Manual{KernSmooth,
  title = {KernSmooth: Functions for kernel smoothing for Wand and Jones (1995)},
  author = {Matt Wand},
  year = {2013},
  note = {R package version 2.23-10},
  url = {http://CRAN.R-project.org/package=KernSmooth},
}

@Book{lattice,
  title = {Lattice: Multivariate Data Visualization with R},
  author = {Deepayan Sarkar},
  publisher = {Springer},
  address = {New York},
  year = {2008},
  note = {ISBN 978-0-387-75968-5},
  url = {http://lmdvr.r-forge.r-project.org},
}

@Manual{Matrix,
  title = {Matrix: Sparse and Dense Matrix Classes and Methods},
  author = {Douglas Bates and Martin Maechler},
  year = {2013},
  note = {R package version 1.0-12},
  url = {http://CRAN.R-project.org/package=Matrix},
}

@Manual{methods,
  title = {R: A Language and Environment for Statistical Computing},
  author = {{R Core Team}},
  organization = {R Foundation for Statistical Computing},
  address = {Vienna, Austria},
  year = {2013},
  url = {http://www.R-project.org/},
}

@Manual{parallel,
  title = {R: A Language and Environment for Statistical Computing},
  author = {{R Core Team}},
  organization = {R Foundation for Statistical Computing},
  address = {Vienna, Austria},
  year = {2013},
  url = {http://www.R-project.org/},
}

@Manual{prettyR,
  title = {prettyR: Pretty descriptive stats.},
  author = {Jim Lemon and Philippe Grosjean},
  year = {2013},
  note = {R package version 2.0-7},
  url = {http://CRAN.R-project.org/package=prettyR},
}

@Manual{rpart,
  title = {rpart: Recursive Partitioning},
  author = {Terry Therneau and Beth Atkinson and Brian Ripley},
  year = {2013},
  note = {R package version 4.1-1},
}

@Manual{splines,
  title = {R: A Language and Environment for Statistical Computing},
  author = {{R Core Team}},
  organization = {R Foundation for Statistical Computing},
  address = {Vienna, Austria},
  year = {2013},
  url = {http://www.R-project.org/},
}

@Manual{stats,
  title = {R: A Language and Environment for Statistical Computing},
  author = {{R Core Team}},
  organization = {R Foundation for Statistical Computing},
  address = {Vienna, Austria},
  year = {2013},
  url = {http://www.R-project.org/},
}

@Manual{stats4,
  title = {R: A Language and Environment for Statistical Computing},
  author = {{R Core Team}},
  organization = {R Foundation for Statistical Computing},
  address = {Vienna, Austria},
  year = {2013},
  url = {http://www.R-project.org/},
}

@Manual{survival:1,
  title = {A Package for Survival Analysis in S},
  author = {Terry M Therneau},
  year = {2013},
  note = {R package version 2.37-4},
  url = {http://CRAN.R-project.org/package=survival},
}

@Book{survival:2,
  title = {Modeling Survival Data: Extending the {C}ox Model},
  author = {{Terry M. Therneau} and {Patricia M. Grambsch}},
  year = {2000},
  publisher = {Springer},
  address = {New York},
  isbn = {0-387-98784-3},
}

@Manual{tcltk,
  title = {R: A Language and Environment for Statistical Computing},
  author = {{R Core Team}},
  organization = {R Foundation for Statistical Computing},
  address = {Vienna, Austria},
  year = {2013},
  url = {http://www.R-project.org/},
}

@Manual{tools,
  title = {R: A Language and Environment for Statistical Computing},
  author = {{R Core Team}},
  organization = {R Foundation for Statistical Computing},
  address = {Vienna, Austria},
  year = {2013},
  url = {http://www.R-project.org/},
}

@Manual{utils,
  title = {R: A Language and Environment for Statistical Computing},
  author = {{R Core Team}},
  organization = {R Foundation for Statistical Computing},
  address = {Vienna, Austria},
  year = {2013},
  url = {http://www.R-project.org/},
}

@ARTICLE{exams,
  author = {Bettina Gr\"un and Achim Zeileis},
  title = {Automatic Generation of Exams in {R}},
  journal = {Journal of Statistical Software},
  year = {2009},
  volume = {29},
  pages = {1--14},
  number = {10},
  owner = {jay},
  timestamp = {2009.12.30},
  url = {http://www.jstatsoft.org/v29/i10/}
}

@Manual{mnormt,
  title = {mnormt: The multivariate normal and t distributions},
  author = {Fortran code by Alan Genz and R code by Adelchi Azzalini},
  year = {2012},
  note = {R package version 1.4-5},
  url = {http://CRAN.R-project.org/package=mnormt},
}

@Manual{UsingR,
  title = {UsingR: Data sets for the text "Using R for Introductory Statistics"},
  author = {John Verzani},
  year = {2012},
  note = {R package version 0.1-18},
  url = {http://CRAN.R-project.org/package=UsingR},
}

@Manual{tkrplot,
  title = {tkrplot: TK Rplot},
  author = {Luke Tierney},
  year = {2011},
  note = {R package version 0.0-23},
  url = {http://CRAN.R-project.org/package=tkrplot},
}

@Manual{emdbook,
  title = {emdbook: Ecological Models and Data in R},
  author = {Ben Bolker},
  year = {2013},
  note = {R package version 1.3.4},
}

@Article{distrTEst,
  title = {S4 Classes for Distributions},
  author = {P. Ruckdeschel and M. Kohl and T. Stabla and F. Camphausen},
  language = {English},
  year = {2006},
  journal = {R News},
  year = {2006},
  volume = {6},
  number = {2},
  pages = {2--6},
  month = {May},
  url = {http://www.uni-bayreuth.de/departments/math/org/mathe7/DISTR/distr.pdf},
  pdf = {http://CRAN.R-project.org/doc/Rnews/Rnews_2006-2.pdf},
}
